@online{treasury2023,
  author = {{U.S. Department of the Treasury}},
  title = {U.S. Treasury Announces First U.S. Strategy on Combating Corruption},
  year = {2023},
  url = {https://home.treasury.gov/news/press-releases/jy0916},
  urldate = {2025-02-24}
}

@article{goldwasser1989knowledge,
  title={The Knowledge Complexity of Interactive Proof Systems},
  author={Goldwasser, Shafi and Micali, Silvio and Rackoff, Charles},
  journal={SIAM Journal on Computing},
  volume={18},
  number={1},
  pages={186--208},
  year={1989},
  publisher={Society for Industrial and Applied Mathematics},
  doi={10.1137/0218012},
  url={https://people.csail.mit.edu/silvio/Selected%20Scientific%20Papers/Proof%20Systems/The_Knowledge_Complexity_Of_Interactive_Proof_Systems.pdf}
}

@inproceedings{pedersen1991non,
  title={Non-Interactive and Information-Theoretic Secure Verifiable Secret Sharing},
  author={Pedersen, Torben Pryds},
  booktitle={Annual International Cryptology Conference},
  pages={129--140},
  year={1991},
  organization={Springer}
}

@inproceedings{albrecht2016mimc,
  title={MiMC: Efficient Encryption and Cryptographic Hashing with Minimal Multiplicative Complexity},
  author={Albrecht, Martin and Grassi, Lorenzo and Rechberger, Christian and Roy, Arnab and Tiessen, Tyge},
  booktitle={International Conference on the Theory and Application of Cryptology and Information Security},
  pages={191--219},
  year={2016},
  organization={Springer}
}

@inproceedings{merkle1987digital,
  title={A Digital Signature Based on a Conventional Encryption Function},
  author={Merkle, Ralph C},
  booktitle={Conference on the Theory and Application of Cryptographic Techniques},
  pages={369--378},
  year={1987},
  organization={Springer}
}

@misc{etherscan,
  title={Etherscan: The Ethereum Block Explorer},
  author={{Etherscan}},
  howpublished={\url{https://etherscan.io}},
  year={2025},
  note={Accessed: 24 February 2025}
}

@inproceedings{ben2013snarks,
  title={SNARKs for C: Verifying Program Executions Succinctly and in Zero Knowledge},
  author={Ben-Sasson, Eli and Chiesa, Alessandro and Genkin, Daniel and Tromer, Eran and Virza, Madars},
  booktitle={Advances in Cryptology--CRYPTO 2013: 33rd Annual Cryptology Conference, Santa Barbara, CA, USA, August 18-22, 2013. Proceedings, Part II 33},
  pages={90--108},
  year={2013},
  organization={Springer}
}

@inproceedings{grassi2019poseidon,
  title={Poseidon: A New Hash Function for Zero-Knowledge Proof Systems},
  author={Grassi, Lorenzo and Khovratovich, Dmitry and Rechberger, Christian and Roy, Arnab and Schofnegger, Markus},
  booktitle={30th USENIX Security Symposium},
  year={2019},
  eprint={2019/458},
  note={Cryptology ePrint Archive, Report 2019/458}
}

@article{grassi2023poseidon2,
  title={Poseidon2: A Faster Implementation of Poseidon for Zero-Knowledge Proof Systems},
  author={Grassi, Lorenzo and Khovratovich, Dmitry and Maimuţ, Diana and Ontañón, Adrian Perales and Schofnegger, Markus},
  year={2023},
  journal={Cryptology ePrint Archive},
  note={Report 2023/323}
}

@misc{basescan,
  title={Basescan: Base Sepolia Network Testnet Explorer},
  author={{Basescan}},
  howpublished={\url{https://sepolia.basescan.org}},
  year={2025},
  note={Accessed: 24 February 2025}
}

@article{mayerbrown2024,
  title = {Federal Appeals Court Tosses OFAC Sanctions on Tornado Cash and Limits Federal Government's Ability to Police Crypto Transactions},
  author = {},
  journal = {Mayer Brown},
  year = {2024},
  url = {https://www.mayerbrown.com/en/insights/publications/2024/12/federal-appeals-court-tosses-ofac-sanctions-on-tornado-cash-and-limits-federal-governments-ability-to-police-crypto-transactions}
}

@article{ainvest2024,
  title = {Developer Freed: Tornado Cash's Alexey Pertsev Out of Prison},
  author = {},
  journal = {AInvest},
  year = {2024},
  url = {https://www.ainvest.com/news/developer-freed-tornado-cash-s-alexey-pertsev-out-of-prison-2502101060ac71806a874f06/}
}

@article{morganlewis2024,
  title = {Fifth Circuit Rejects OFAC's Tornado Cash Sanctions},
  author = {},
  journal = {Morgan Lewis},
  year = {2024},
  url = {https://www.morganlewis.com/pubs/2024/12/fifth-circuit-rejects-ofacs-tornado-cash-sanctions}
}

@article{cryptonews2025,
  title = {Alexey Pertsev Released Under Supervision Before Appeal},
  author = {},
  journal = {CryptoNews},
  year = {2025},
  url = {https://cryptonews.com/exclusives/alexey-pertsev-released-under-supervision-before-appeal/}
}

@article{coindesk2024,
  title = {Tornado Cash Sanctions Overturned by U.S. Appeals Court},
  author = {Jesse Hamilton},
  journal = {CoinDesk},
  year = {2024},
  url = {https://www.coindesk.com/policy/2024/11/26/tornado-cash-sanctions-overturned-by-us-appeals-court/}
}

@article{tronweekly2025,
  title = {Tornado Cash Co-Founder Alexey Pertsev Released After Legal Victory},
  author = {Mwongera Taitumu},
  journal = {TronWeekly},
  year = {2025},
  url = {https://www.tronweekly.com/tornado-cash-founder-pertsev-has-been-released/}
}

@article{coindesk2024b,
  title = {Tornado Cash Sanctions Overturned by U.S. Appeals Court},
  author = {Jesse Hamilton},
  journal = {CoinDesk},
  year = {2024},
  url = {https://www.coindesk.com/policy/2024/11/26/tornado-cash-sanctions-overturned-by-us-appeals-court/}
}

@article{cryptonews2025b,
  title = {Alexey Pertsev Released Under Supervision Before Appeal},
  author = {},
  journal = {CryptoNews},
  year = {2025},
  url = {https://cryptonews.com/exclusives/alexey-pertsev-released-under-supervision-before-appeal/}
}

@article{coindesk2024c,
  title = {Tornado Cash Sanctions Overturned by U.S. Appeals Court},
  author = {Jesse Hamilton},
  journal = {CoinDesk},
  year = {2024},
  url = {https://www.coindesk.com/policy/2024/11/26/tornado-cash-sanctions-overturned-by-us-appeals-court/}
}

@article{tronweekly2025b,
  title = {Tornado Cash Co-Founder Alexey Pertsev Released After Legal Victory},
  author = {Mwongera Taitumu},
  journal = {TronWeekly},
  year = {2025},
  url = {https://www.tronweekly.com/tornado-cash-founder-pertsev-has-been-released/}
}

@article{chainalysis2022,
  title = {Understanding Tornado Cash, Its Sanctions Implications, and Key Compliance Questions},
  author = {{Chainalysis Team}},
  journal = {Chainalysis Blog},
  year = {2022},
  month = {August 30},
  url = {https://www.chainalysis.com/blog/tornado-cash-sanctions-challenges/}
}

@misc{dune,
  author = {{Dune Analytics}},
  title = {Dune - On-chain Crypto Analytics},
  year = {2025},
  url = {https://dune.com/},
  note = {Accessed: 2025-02-24}
}

@misc{trmlabs_tornado_cash,
  author = {{TRM Labs}},
  title = {Tornado Cash Volume Dramatically Reduced Post-Sanctions, But Illicit Actors Are Still Using the Mixer},
  year = {2023},
  url = {https://www.trmlabs.com/post/tornado-cash-volume-dramatically-reduced-post-sanctions-but-illicit-actors-are-still-using-the-mixer},
  note = {Accessed: 2025-02-24}
}

@misc{coinmarketcap,
  author = {{CoinMarketCap}},
  title = {CoinMarketCap - Cryptocurrency Prices, Charts, and Market Capitalizations},
  year = {2025},
  url = {https://coinmarketcap.com/},
  note = {Accessed: 2025-02-24}
}

@misc{coingecko,
  author = {{CoinGecko}},
  title = {CoinGecko - Cryptocurrency Prices and Market Data},
  year = {2025},
  url = {https://www.coingecko.com/},
  note = {Accessed: 2025-02-24}
}

@misc{coinbase,
  author = {{Coinbase}},
  title = {Coinbase - Buy, Sell, and Manage Cryptocurrency},
  year = {2025},
  url = {https://www.coinbase.com/},
  note = {Accessed: 2025-02-24}
}

@misc{infura,
  author = {{Infura}},
  title = {Infura - Ethereum API and Blockchain Infrastructure},
  year = {2025},
  url = {https://www.infura.io/},
  note = {Accessed: 2025-02-24}
}

@misc{ethereum,
  author = {{Ethereum Foundation}},
  title = {Ethereum - Decentralized Blockchain Platform},
  year = {2025},
  url = {https://ethereum.org/},
  note = {Accessed: 2025-02-24}
}

@article{nakamoto2008,
  author = {Satoshi Nakamoto},
  title = {Bitcoin: A Peer-to-Peer Electronic Cash System},
  year = {2008},
  journal = {Bitcoin.org},
  url = {https://bitcoin.org/bitcoin.pdf}
}
